<?xml version="1.0" encoding="UTF-8"?><collection xmlns="http://www.loc.gov/MARC21/slim"><record><leader>00563nam--2200181-u-4500</leader><controlfield tag="001">000056587</controlfield><controlfield tag="002">20161230</controlfield><controlfield tag="005">20161230201052</controlfield><controlfield tag="008">160205s1000------------r-----000-0-eng-d</controlfield><datafield ind1=" " ind2=" " tag="040"><subfield code="a">IFIN-HH</subfield></datafield><datafield ind1=" " ind2=" " tag="080"><subfield code="a">502.53:504.38(063)</subfield></datafield><datafield ind1="1" ind2=" " tag="100"><subfield code="a">Herbert, Donald E</subfield></datafield><datafield ind1="1" ind2="0" tag="245"><subfield code="a">Chaos and the Changing Nature of Science and Medicine: An Introduction. Mobile, Al April 1995</subfield><subfield code="c">Donald E. Herbert (ed.)</subfield></datafield><datafield ind1=" " ind2=" " tag="260"><subfield code="a">Woodbury, New York</subfield><subfield code="b">AIP Press</subfield><subfield code="c">1996</subfield></datafield><datafield ind1=" " ind2=" " tag="300"><subfield code="a">xi+203p</subfield></datafield><datafield ind1=" " ind2=" " tag="490"><subfield code="a">AIP Conference Proceedings 376</subfield></datafield><datafield ind1=" " ind2=" " tag="852"><subfield code="a">81555</subfield><subfield code="c">5</subfield></datafield><datafield ind1=" " ind2=" " tag="CAT"><subfield code="a">Sys</subfield><subfield code="c">20160205</subfield><subfield code="h">081436</subfield></datafield></record></collection>